<record><leader>00000cas a22000007a 4500</leader><controlfield tag="001">12192202</controlfield><controlfield tag="008">850624d18521852nyuwr ne      0    0eng d</controlfield><datafield ind1=" " ind2=" " tag="010"><subfield code="a">sn 85063067 </subfield></datafield><datafield ind1=" " ind2=" " tag="040"><subfield code="a">NYG</subfield><subfield code="b">eng</subfield><subfield code="c">NYG</subfield><subfield code="d">NPX</subfield><subfield code="d">OCL</subfield><subfield code="d">OCLCG</subfield><subfield code="d">OCLCQ</subfield><subfield code="d">OCLCO</subfield></datafield><datafield ind1="1" ind2=" " tag="029"><subfield code="a">AU@</subfield><subfield code="b">000025825505</subfield></datafield><datafield ind1=" " ind2=" " tag="042"><subfield code="a">msc</subfield></datafield><datafield ind1=" " ind2=" " tag="043"><subfield code="a">n-us-ny</subfield></datafield><datafield ind1=" " ind2=" " tag="092"><subfield code="a">329.01</subfield><subfield code="b">fC186</subfield></datafield><datafield ind1="0" ind2=" " tag="130"><subfield code="a">Campaign Republican (Kingston, N.Y.)</subfield></datafield><datafield ind1="1" ind2="4" tag="245"><subfield code="a">The campaign Republican.</subfield></datafield><datafield ind1=" " ind2=" " tag="260"><subfield code="a">Kingston, N.Y. :</subfield><subfield code="b">S.S. Hommel,</subfield><subfield code="c">1852.</subfield></datafield><datafield ind1=" " ind2=" " tag="300"><subfield code="a">22 no. :</subfield><subfield code="b">ill. ;</subfield><subfield code="c">39 cm.</subfield></datafield><datafield ind1=" " ind2=" " tag="310"><subfield code="a">Weekly</subfield></datafield><datafield ind1="0" ind2=" " tag="362"><subfield code="a">No. 1 (June 12, 1852)-no. 22 (Dec. 18, 1852).</subfield></datafield><datafield ind1=" " ind2=" " tag="500"><subfield code="a">Campaign paper of the Democratic Party, supporting Franklin Pierce for president.</subfield></datafield><datafield ind1=" " ind2=" " tag="515"><subfield code="a">Suspended Nov. 6-Dec. 11, 1852.</subfield></datafield><datafield ind1=" " ind2=" " tag="580"><subfield code="a">Campaign ed. of: Ulster Republican (Kingston, N.Y. : 1833).</subfield></datafield><datafield ind1="1" ind2="0" tag="600"><subfield code="a">Pierce, Franklin,</subfield><subfield code="d">1804-1869.</subfield></datafield><datafield ind1=" " ind2="0" tag="650"><subfield code="a">Campaign literature</subfield><subfield code="z">New York (State)</subfield><subfield code="y">1852</subfield><subfield code="x">Democratic</subfield><subfield code="v">Periodicals.</subfield></datafield><datafield ind1="1" ind2=" " tag="700"><subfield code="a">Hommel, Solomon S.</subfield></datafield><datafield ind1="2" ind2=" " tag="710"><subfield code="a">Democratic Party (N.Y.)</subfield></datafield><datafield ind1=" " ind2=" " tag="752"><subfield code="a">United States</subfield><subfield code="b">New York</subfield><subfield code="c">Ulster</subfield><subfield code="d">Kingston.</subfield></datafield><datafield ind1="1" ind2=" " tag="775"><subfield code="t">Ulster Republican (Kingston, N.Y. : 1833)</subfield><subfield code="w">(DLC)sn 85026706</subfield></datafield></record>